/Users/gchure/git/thesis/MWC Growth.bib